% This file was created with JabRef 2.9.2.
% Encoding: UTF8

@MISC{Wiki-Illustrator,
  author = {Wikipedia},
  title = {{\Illustrator}},
  howpublished = {{Wiki-Eintrag}},
  month = nov,
  year = {2015},
  owner = {moellers},
  timestamp = {2016.01.02},
  url = {https://de.wikipedia.org/wiki/Adobe_Illustrator},
  urldate = {2016-01-02}
}

@MISC{Wiki-iMovie,
  author = {Wikipedia},
  title = {{\iMovie}},
  howpublished = {{Wiki-Eintrag}},
  month = oct,
  year = {2015},
  owner = {moellers},
  timestamp = {2016.01.02},
  url = {https://de.wikipedia.org/wiki/IMovie},
  urldate = {2016-01-02}
}

@MISC{Wiki-OSM,
  author = {Wikipedia},
  title = {{\OSM}},
  howpublished = {{Wiki-Eintrag}},
  month = dec,
  year = {2015},
  owner = {moellers},
  timestamp = {2016.01.02},
  url = {https://de.wikipedia.org/wiki/OpenStreetMap},
  urldate = {2016-01-02}
}

